<?xml version="1.0" encoding="UTF-8"?><record xmlns="http://www.loc.gov/MARC21/slim" xmlns:cinclude="http://apache.org/cocoon/include/1.0" xmlns:zs="http://www.loc.gov/zing/srw/">
  <leader>00428nz  a2200145n  4500</leader>
  <controlfield tag="001">nb2008013862</controlfield>
  <controlfield tag="003">DLC</controlfield>
  <controlfield tag="005">20080816080839.0</controlfield>
  <controlfield tag="008">080701na acannaabn          |a ana      </controlfield>
  <datafield tag="010" ind1=" " ind2=" ">
    <subfield code="a">nb2008013862</subfield>
  </datafield>
  <datafield tag="035" ind1=" " ind2=" ">
    <subfield code="a">(Uk)007162771</subfield>
  </datafield>
  <datafield tag="040" ind1=" " ind2=" ">
    <subfield code="a">Uk</subfield>
    <subfield code="b">eng</subfield>
    <subfield code="c">Uk</subfield>
  </datafield>
  <datafield tag="110" ind1="2" ind2=" ">
    <subfield code="a">Vidya Dana Samiti Workers Panel</subfield>
  </datafield>
  <datafield tag="410" ind1="2" ind2=" ">
    <subfield code="a">Vidyādānasamiti</subfield>
  </datafield>
  <datafield tag="670" ind1=" " ind2=" ">
    <subfield code="a">Amarakośa saṅgrahah, 1980:</subfield>
    <subfield code="b">t.p. (Vidya Dana Samiti Workers Panel; Vidyādānasamiti)</subfield>
  </datafield>
</record>